<record><leader>00000cas a2200000Ma 4500</leader><controlfield tag="001">11075514</controlfield><controlfield tag="008">840821d18741926wvuwr ne      0    0eng d</controlfield><datafield ind1=" " ind2=" " tag="010"><subfield code="a">sn 84037844 </subfield></datafield><datafield ind1=" " ind2=" " tag="040"><subfield code="a">AQM</subfield><subfield code="b">eng</subfield><subfield code="c">AQM</subfield><subfield code="d">OCLCQ</subfield></datafield><datafield ind1="0" ind2=" " tag="130"><subfield code="a">Clarksburg telegram (Clarksburg, W. Va. : Weekly)</subfield></datafield><datafield ind1="1" ind2="4" tag="245"><subfield code="a">The Clarksburg telegram.</subfield></datafield><datafield ind1=" " ind2=" " tag="260"><subfield code="a">Clarksburg, W. Va. :</subfield><subfield code="b">W.F. Williams</subfield></datafield><datafield ind1=" " ind2=" " tag="300"><subfield code="a">v. ;</subfield><subfield code="c">56 cm.</subfield></datafield><datafield ind1=" " ind2=" " tag="310"><subfield code="a">Weekly</subfield></datafield><datafield ind1="1" ind2=" " tag="362"><subfield code="a">Began with Oct. 21, 1874 issue.</subfield><subfield code="z">Cf. NIM, U.S., 1948-1983.</subfield></datafield><datafield ind1="1" ind2=" " tag="362"><subfield code="a">Ceased in 1926?</subfield></datafield><datafield ind1=" " ind2=" " tag="500"><subfield code="a">"Republican." Cf. Ayer, 1926.</subfield></datafield><datafield ind1=" " ind2=" " tag="500"><subfield code="a">Editor: W.F. Richards, &lt;1875-&gt;.</subfield></datafield><datafield ind1=" " ind2=" " tag="580"><subfield code="a">Issued also in daily eds. entitled: Daily telegram; Clarksburg telegram (Clarksburg, W. Va. : Daily).</subfield></datafield><datafield ind1=" " ind2=" " tag="588"><subfield code="a">Description based on: Vol. 13, no. 46 (Aug. 28, 1875) = Whole no. 670.</subfield></datafield><datafield ind1=" " ind2="7" tag="655"><subfield code="a">Newspapers.</subfield><subfield code="2">rbgenr</subfield></datafield><datafield ind1=" " ind2=" " tag="752"><subfield code="a">United States</subfield><subfield code="b">West Virginia</subfield><subfield code="c">Harrison</subfield><subfield code="d">Clarksburg.</subfield></datafield><datafield ind1="1" ind2=" " tag="775"><subfield code="t">Daily telegram (Clarksburg, W. Va.)</subfield><subfield code="w">(DLC)sn 85059715</subfield></datafield><datafield ind1="1" ind2=" " tag="775"><subfield code="t">Clarksburg telegram (Clarksburg, W. Va. : Daily)</subfield><subfield code="w">(DLC)sn 85059748</subfield></datafield><datafield ind1="0" ind2="0" tag="780"><subfield code="t">National telegraph (Clarksburg, W. Va. : 1869)</subfield><subfield code="w">(DLC)sn 84026790</subfield></datafield><datafield ind1="1" ind2=" " tag="029"><subfield code="a">AU@</subfield><subfield code="b">000020342060</subfield></datafield></record>